@ARTICLE{spark:rdds,
	AUTHOR = {Matei Zaharia and others},
	TITLE = {Resilient Distributed Datasets: A Fault-Tolerant Abstraction for In-Memory Cluster Computing},
	JOURNAL = "NSDI 2012",
	MONTH = "April",
	YEAR = {2012}	}

@misc{spark,
  title = {Apache Spark - Lightning fast cluster computing},
  howpublished = {\url{https://spark.apache.org/}},
  note = {Version: 2.2.1, Accessed: 2018-02-11}
}

@misc{spark-cluster,
  title = {Cluster Mode Overview},
  howpublished = {\url{https://spark.apache.org/docs/latest/cluster-overview.html}},
  note = {Accessed: 2018-02-11}
}

@misc{docker,
  title = {Get Started},
  howpublished = {\url{https://docs.docker.com/get-started/}},
  note = {Accessed: 2018-02-11}
}

@misc{parquet,
  title = {Parquet},
  howpublished = {\url{https://parquet.apache.org/documentation/latest/}},
  note = {Accessed: 2018-02-11}
}

@misc{opencellid,
  title = {Cells database},
  howpublished = {\url{http://wiki.opencellid.org/wiki/Menu_map_view#database}},
  note = {Accessed: 2018-02-18}
}

@misc{pynb,
  title = {minodes/pynb},
  howpublished = {\url{https://github.com/minodes/pynb}},
  note = {Accessed: 2018-01-10}
}

@misc{fabric,
  title = {Fabric},
  howpublished = {\url{http://www.fabfile.org/}},
  note = {Accessed: 2018-02-10}
}

@ARTICLE{haversine,
   AUTHOR = {{Sinnott}, R.~W.},
    TITLE = {Virtues of the Haversine},
  JOURNAL = {Sky and Telescope},
     YEAR = {1984},
    MONTH = "December",
   VOLUME = 68,
    PAGES = {158},
     NOTE = {Provided by the SAO/NASA Astrophysics Data System}}
     
@conference{traj-sim,
  author       = {Haozhou Wang and others}, 
  title        = {An Effectiveness Study on Trajectory Similarity Measures},
  booktitle    = {Proceedings of the Twenty-Fourth Australasian Database Conference},
  year         = 2013,
  address      = {Adelaide, Australia},
  organization = {ADC}
}

@conference{traj-sim-rev,
  author       = {Nehal Magdy and others}, 
  title        = {An Effectiveness Study on Trajectory Similarity Measures},
  booktitle    = {IEEE Seventh International Conference on Intelligent Computing and Information Systems },
  year         = 2015,
  address      = {Cairo, Egypt}
}

@BOOK{encyclopedia,
title={Encyclopedia of distances},
author={Michel Marie Deza and Elena Deza},
year={2009},
publisher={Springer}}


@misc{distance-def,
  title = {Review \& Perspective for Distance Based Trajectory Clustering},
  howpublished = {\url{https://arxiv.org/pdf/1508.04904.pdf}},
  year=2015,
  note = {Accessed: 2018-02-25}
}

%https://books.google.de/books?hl=en&lr=&id=JShQJF23xBgC&oi=fnd&pg=PR3&dq=gps+trajectory+similarity&ots=6NQjdz7pbW&sig=CfoSGFa9vC6iqOvbTFVTO-P41Mg#v=onepage&q=gps%20trajectory%20similarity&f=false
@book{traj,
  title={Computing with Spatial Trajectories},
  author={Zheng, Y. and Zhou, X.},
  isbn={9781461416296},
  lccn={2011938480},
  series={Computing with Spatial Trajectories},
  url={https://books.google.de/books?id=JShQJF23xBgC},
  year={2011},
  publisher={Springer New York}
}

@conference{eff-sim,
  author       = {Rakesh Agrawal and others}, 
  title        = {Efficient Similarity Search In Sequence Databases},
  booktitle    = {4th International Conference, FODO '93, LNCS 730.},
  year         = 1993
}

@misc{voronoi,
  title = {Spatial Partitioning Algorithms for Data Visualization},
  author = {Raghuveer Devulapalli and others},
  year = {2014},
  howpublished = {\url{http://www-bcf.usc.edu/~jcarlsso/VDA_2014.pdf}},
  note = {Accessed: 2018-03-18}
}

@conference{spatiotemp,
  title={Spatiotemporal data from mobile phones
for personal mobility assessment},
  author={Zbigniew Smoreda and Ana-Maria Olteanu Raimond and Thomas Couronne},
  booktitle={Transport Survey Methods: Best Practice for Decision Making},
  year={2013},
  publisher={Emerald Group Publishing, London}
}

@book{gps,
  title={Global Positioning Systems, Inertial Navigation, and Integration: Edition 2},
  author={Mohinder S. Grewal and Lawrence R. Weill and Angus P.Andrews},
  isbn = {9780470099711},
  year={2007},
  publisher={John Wiley \& Sons}
}

@misc{ibm_parquet,
  title = {5 Reasons to Choose Parquet for Spark SQL},
  author = {Jesse F. Chen},
  year = {2016},
  howpublished = {\url{https://developer.ibm.com/hadoop/2016/01/14/5-reasons-to-choose-parquet-for-spark-sql/}},
  note = {Accessed: 2018-04-16}
}

@misc{spark-sql,
  title = {Spark SQL, DataFrames and Datasets Guide},
  howpublished = {\url{https://spark.apache.org/docs/latest/sql-programming-guide.html}},
  note = {Accessed: 2018-04-20}
}